@ARTICLE{1891PASP....3..274M,
       author = {{Michelson}, A.~A.},
        title = "{Measurement of Jupiter's Satellites by Interference}",
      journal = {\pasp},
         year = 1891,
        month = sep,
       volume = {3},
       number = {17},
        pages = {274-278},
          doi = {10.1086/120327},
       adsurl = {https://ui.adsabs.harvard.edu/abs/1891PASP....3..274M},
      adsnote = {Provided by the SAO/NASA Astrophysics Data System}
}

@ARTICLE{1891Natur..45..160M,
       author = {{Michelson}, A.~A.},
        title = "{Measurement of Jupiter's Satellites by Interference}",
      journal = {\nat},
         year = 1891,
        month = dec,
       volume = {45},
       number = {1155},
        pages = {160-161},
          doi = {10.1038/045160a0},
       adsurl = {https://ui.adsabs.harvard.edu/abs/1891Natur..45..160M},
      adsnote = {Provided by the SAO/NASA Astrophysics Data System}
}

@ARTICLE{1921ApJ....53..249M,
       author = {{Michelson}, A.~A. and {Pease}, F.~G.},
        title = "{Measurement of the Diameter of {\ensuremath{\alpha}} Orionis with the Interferometer.}",
      journal = {\apj},
         year = 1921,
        month = may,
       volume = {53},
        pages = {249-259},
          doi = {10.1086/142603},
       adsurl = {https://ui.adsabs.harvard.edu/abs/1921ApJ....53..249M},
      adsnote = {Provided by the SAO/NASA Astrophysics Data System}
}

